<record><leader>00000cas a22000007a 4500</leader><controlfield tag="001">25813646</controlfield><controlfield tag="008">920514d19221926wyuwr ne      0    0eng d</controlfield><datafield ind1=" " ind2=" " tag="010"><subfield code="a">sn 92067040 </subfield></datafield><datafield ind1=" " ind2=" " tag="040"><subfield code="a">NVO</subfield><subfield code="b">eng</subfield><subfield code="c">NVO</subfield><subfield code="d">OCLCQ</subfield></datafield><datafield ind1=" " ind2=" " tag="042"><subfield code="a">msc</subfield></datafield><datafield ind1="0" ind2="0" tag="245"><subfield code="a">Lightning Flat flash.</subfield></datafield><datafield ind1=" " ind2=" " tag="260"><subfield code="a">Lightning Flat, Wyo. :</subfield><subfield code="b">P.W. Yeoman</subfield></datafield><datafield ind1=" " ind2=" " tag="300"><subfield code="a">v.</subfield></datafield><datafield ind1=" " ind2=" " tag="310"><subfield code="a">Weekly</subfield></datafield><datafield ind1="0" ind2=" " tag="362"><subfield code="a">Vol. 1, no. 1 (Jan. 6, 1922)-v. 5, no. 46 (Nov. 12, 1926).</subfield></datafield><datafield ind1=" " ind2="4" tag="651"><subfield code="a">Lightning Flat (Wyo.)</subfield><subfield code="v">Newspapers.</subfield></datafield><datafield ind1=" " ind2="4" tag="651"><subfield code="a">Crook County (Wyo.)</subfield><subfield code="v">Newspapers.</subfield></datafield><datafield ind1=" " ind2=" " tag="752"><subfield code="a">United States</subfield><subfield code="b">Wyoming</subfield><subfield code="c">Crook</subfield><subfield code="d">Lightning Flat.</subfield></datafield><datafield ind1="0" ind2="0" tag="780"><subfield code="t">Inter mountain globe</subfield><subfield code="w">(DLC)sn 92067041</subfield></datafield><datafield ind1="0" ind2="0" tag="785"><subfield code="t">Crook County flash</subfield></datafield></record>